@online{data,
    author = "Israel Ministry of Health.",
    title = "COVID-19-Government Data.",
    url  = "https://data.gov.il/dataset/covid-19",
    addendum = "(accessed: 10.27.2021)",
    keywords = "covid19, data"
}

