@online{data,
    author = "Israel Ministry of Health.",
    title = "COVID-19-Government Data.",
    url  = "https://data.gov.il/dataset/covid-19",
    addendum = "(accessed: 10.27.2021)",
    keywords = "covid19, data"
}

% @article{influenza,
%   title={A vital sign-based prediction algorithm for differentiating COVID-19 versus seasonal influenza in hospitalized patients.},
%   author={Yanamala, N., Krishna, N.H., Hathaway, Q.A. et al.},
%   journal={npj Digital Med},
%   volume={3},
%   number={95},
%   pages={97--111},
%   year={2021},
%   publisher={Springer Nature}
% }

@article{influenza,
  title={A vital sign-based prediction algorithm for differentiating COVID-19 versus seasonal influenza in hospitalized patients},
  author={Yanamala et al},
  journal={npj Digital Med},
  volume={4},
  number={95},
  year={2021},
  publisher={Springer Nature}
}

